@misc{Hamilton:2019,
  author = "Hamilton, William L.  and Pineau, Joelle",
  year = "2019",
  title = "Lecture 9 - Instance Learning",
  url = "https://cs.mcgill.ca/~wlh/comp551/slides/09-instance_learning.pdf",
  institution = "McGIll University and Mila"
},
@article{Sharma:2015,
  author = "Sharma, Dharmendra and Jain, Suresh",
  year = "2015",
  title = "Evaluation of Stemming and Stop Word Techniques on Text
  Classification Problem",
  url = "https://www.isroset.org/pdf_paper_view.php?paper_id=188&ISROSET-IJSRCSE-NCETITM-IT-1.pdf",
  institution = "Mewar University"
},
@inproceedings{pennington2014glove,
  title={Glove: Global vectors for word representation},
  author={Pennington, Jeffrey and Socher, Richard and Manning, Christopher},
  booktitle={Proceedings of the 2014 conference on empirical methods in natural language processing (EMNLP)},
  pages={1532--1543},
  year={2014}
},
@article{allstate,
author="Apostolova, Emilia and Kreek, R. Andrew",
year="2018",
title = "Training and Prediction Data Discrepancies: Challenges of Text Classification with Noisy, Historical Data",
url="https://arxiv.org/pdf/1809.04019.pdf",
institution = "Language.ai and Allstate Insurance Company"
},
@article{rong2014word2vec,
  title={word2vec parameter learning explained},
  author={Rong, Xin},
  journal={arXiv preprint arXiv:1411.2738},
  year={2014}
},
@article {twitterNB,
author="Gautam, Geetika and Yadav, Divakar",
year="2014",
title="Sentiment analysis of twitter data using machine learning approaches and semantic analysis",
journal="2014 Seventh International Conference on Contemporary Computing (IC3)",
institution="Jaypee Institute of Information technology"
},
@article {MNBvsNB,
author="McCallum, Andrew and Nigam, Kamal",
year="1998",
title="A Comparison of Event Models for Naive Bayes Text Classification",
journal="Proceedings of the Workshop on Learning for Text Categorization",
institute="Carnegie Mellon University and Just Reasearch"
},
@article{Seref:2019,
author="Seref, Berna and Bostanci, Erkan",
year="2019",
title="Performance Comparison of Naïve Bayes and Complement Naïve Bayes Algorithms",
journal="2019 International Conference on Electrical and Electronics Engineering (ICEEE)",
institute="Ankara University"}
@misc{devlin2018bert,
    title={BERT: Pre-training of Deep Bidirectional Transformers for Language Understanding},
    author={Jacob Devlin and Ming-Wei Chang and Kenton Lee and Kristina Toutanova},
    year={2018},
    eprint={1810.04805},
    archivePrefix={arXiv},
    primaryClass={cs.CL}
}
@inproceedings{Peters:2018,
  author={Peters, Matthew E. and  Neumann, Mark and Iyyer, Mohit and Gardner, Matt and Clark, Christopher and Lee, Kenton and Zettlemoyer, Luke},
  title={Deep contextualized word representations},
  booktitle={Proc. of NAACL},
  year={2018}
}
@Article{Boiy:2009,
author="Boiy, Erik and Moens, Marie-Francine",
Year="2009",
title="A machine learning approach to sentiment analysis in multilingual Web texts",
journal="Information Retrieval Journal",
institute="Katholieke Universiteit Leuven"
},
@misc{tds:2018,
  author = "Li, Susan",
  year = "2018",
  title = "Multi-Class Text Classification Model Comparison and Selection",
  url = "https://towardsdatascience.com/multi-class-text-classification-model-comparison-and-selection-5eb066197568",
  institution = "Towards Data Science"
}\nocite{*}